

@article{BuesoScalabilityTechniques,
 author = {Bueso, Davidlohr},
 title = {Scalability Techniques for Practical Synchronization Primitives},
 journal = {Commun. ACM},
 issue_date = {January 2015},
 volume = {58},
 number = {1},
 month = dec,
 year = {2014},
 issn = {0001-0782},
 pages = {66--74},
 numpages = {9},
 url = {http://doi.acm.org/10.1145/2687882},
 doi = {10.1145/2687882},
 acmid = {2687882},
 publisher = {ACM},
 address = {New York, NY, USA},
}

@inproceedings{overviewofkernellock,
  title={ An overview of kernel lock improvements.},
  author={D. Bueso and S. Norton.},
  year={2014},
  organization={LinuxCon North America},
  note={\url{http://sourceforge.net/projects/aimbench}}
}

%note={\url{http://events.linuxfoundation.org/sites/events/files/slides/linuxcon-2014-locking-final.pdf}}

@Inproceedings{SilasBoydWickizer2010LinuxScales48
,Author="Silas Boyd-Wickizer and Austin T. Clements and Yandong Mao and Aleksey Pesterev and M. Frans Kaashoek and Robert Morris and Nickolai Zeldovich"
,Title="An Analysis of {Linux} Scalability to Many Cores"
,Booktitle="9\textsuperscript{th} USENIX Symposium on Operating System Design and Implementation"
,Month="October"
,Year="2010"
,Address="Vancouver, BC, Canada"
,pages="1--16"
}

@Inproceedings{AustinTClements2012RCUBalancedTrees
,Author="Austin T. Clements and M. Frans Kaashoek and Nickolai Zeldovich"
,Title="Scalable Address Spaces Using {RCU} Balanced Trees"
,Booktitle="Architectural Support for Programming Languages and Operating Systems (ASPLOS 2012)"
,Month="February"
,Year="2012"
,Address="London, UK"
,pages="199--210"
}

@inproceedings{mcvoy1996lmbench,
  title={lmbench: Portable Tools for Performance Analysis.},
  author={McVoy, Larry W and Staelin, Carl and others},
  booktitle={USENIX annual technical conference},
  pages={279--294},
  year={1996},
  organization={San Diego, CA, USA}
}

@incollection{zhang2013practical,
  title={Practical non-blocking unordered lists},
  author={Zhang, Kunlong and Zhao, Yujiao and Yang, Yajun and Liu, Yujie and Spear, Michael},
  booktitle={DISC '13 Proceedings of the 27th International Conference on Distributed Computing, Jerusalem, Israel},
  year={2013},
}

@inproceedings{SilasBoydWickizerPth
,author="Silas Boyd-Wickizer"
,title="Optimizing Communications Bottlenecks in Multiprocessor Operating Systems Kernels"
,school="Massachusetts Institute of Technology"
,booktitle="PhD thesis, Massachusetts Institute of Technology"
,year="2013"
}


@inproceedings{MagedMichael04a
,author="Maged M. Michael"
,title="Hazard Pointers: Safe Memory Reclamation for Lock-Free Objects"
,Year="2004"
,Month="June"
,booktitle="IEEE Transactions on Parallel and Distributed Systems"
,volume="15"
,number="6"
,pages="491-504"
}

@inproceedings{Clements2013RadixVM,
 author = {Clements, Austin T. and Kaashoek, M. Frans and Zeldovich, Nickolai},
 title = {RadixVM: Scalable Address Spaces for Multithreaded Applications},
 booktitle = {Proceedings of the 8th ACM European Conference on Computer Systems},
 series = {EuroSys '13},
 year = {2013},
 isbn = {978-1-4503-1994-2},
 location = {Prague, Czech Republic},
 pages = {211--224},
 numpages = {14},
 address = {New York, NY, USA},
} 

@incollection{petrank2013lock,
 title={Lock-free data-structure iterators},
 author={Petrank, Erez and Timnat, Shahar},
 booktitle={DISC '13 Proceedings of the 27th International Conference on Distributed Computing, Jerusalem, Israel},
 year={2013},
}


@inproceedings{PaulDetailLWN,
 title={MSome more details on Read-Log-Update},
 author = {Paul McKenney},
 note= {https://lwn.net/Articles/667720/},
 year= {2016},
}

@inproceedings{CorbetLWNRMAP,
 title={The object-based reverse-mapping VM},
 author = {Jonathan Corbet},
 note= {https://lwn.net/Articles/23732/},
 year= {2003},
}

@inproceedings{CorbetLWNANON,
 title={The case of the overly anonymous anon\_vma},
 author = {Jonathan Corbet},
 note= {https://lwn.net/Articles/383162/},
 year= {2010},
}


@inproceedings{HuangLocklessList,
 title={Lock-less list},
 author = {Huang Ying},
 note= {https://lwn.net/Articles/423366/},
 year= {2011},
}


@inproceedings{Andi2011adding,
  title={Scaling problems in Fork},
  author={Andi Kleen, Tim Chen},
  booktitle={Linux Plumbers Conference, September},
  year={2011}
}

@inproceedings{Tim2013adding,
  title={Linux Scalability Issues},
  author={Tim Chen, Andi Kleen, Dave Hansen},
  booktitle={Linux Plumbers Conference, September},
  year={2013}
}

@inproceedings{AIM7Benchmark,
  title={AIM Benchmarks},
  note={\url{http://sourceforge.net/projects/aimbench}}
}



@inproceedings{Exim,
 title={Exim Internet Mailer},
 note= {http://www.exim.org/},
 year= {2015},
}


@inproceedings{MOSBENCH,
 title={Mosbench},
 note= {https://pdos.csail.mit.edu/mosbench/mosbench.git},
 year= {2010},
}


@inproceedings{Matveev2015RLU,
 author = {Matveev, Alexander and Shavit, Nir and Felber, Pascal and Marlier, Patrick},
 title = {Read-log-update: A Lightweight Synchronization Mechanism for Concurrent Programming},
 booktitle = {Proceedings of the 25th Symposium on Operating Systems Principles},
 series = {SOSP '15},
 year = {2015},
 isbn = {978-1-4503-3834-9},
 location = {Monterey, California},
 pages = {168--183},
 numpages = {16},
 address = {New York, NY, USA},
} 


@Conference{McKenney98
,Author="Paul E. McKenney and John D. Slingwine"
,Title="Read-Copy Update: Using Execution History to Solve Concurrency
Problems"
,Booktitle="{Parallel and Distributed Computing and Systems}"
,Month="October"
,Year="1998"
,pages="509-518"
,Address="Las Vegas, NV"
}

@inproceedings{Harris2001Lockfree,
 author = {Harris, Timothy L.},
 title = {A Pragmatic Implementation of Non-blocking Linked-Lists},
 booktitle = {Proceedings of the 15th International Conference on Distributed Computing},
 series = {DISC '01},
 year = {2001},
 isbn = {3-540-42605-1},
 pages = {300--314},
 numpages = {15},
 address = {London, UK, UK},
} 

@inproceedings{Fomitchev2004Lockfree,
 author = {Fomitchev, Mikhail and Ruppert, Eric},
 title = {Lock-free Linked Lists and Skip Lists},
 booktitle = {Proceedings of the Twenty-third Annual ACM Symposium on Principles of Distributed Computing},
 series = {PODC '04},
 year = {2004},
 isbn = {1-58113-802-4},
 pages = {50--59},
} 

@inproceedings{Timnat2012,
 author = {Timnat, Shahar and Braginsky, Anastasia and Kogan, Alex and Petrank, Erez},
 title = {Wait-free Linked-lists},
 booktitle = {Proceedings of the 17th ACM SIGPLAN Symposium on Principles and Practice of Parallel Programming},
 series = {PPoPP '12},
 year = {2012},
 isbn = {978-1-4503-1160-1},
 location = {New Orleans, Louisiana, USA},
 pages = {309--310},
 numpages = {2},
 address = {New York, NY, USA},
} 



@incollection{timnat2012wait,
  title={Wait-free linked-lists},
  author={Timnat, Shahar and Braginsky, Anastasia and Kogan, Alex and Petrank, Erez},
  booktitle={Principles of Distributed Systems},
  pages={330--344},
  year={2012},
  publisher={Springer}
}


@inproceedings{Arbel2014ConcurrentRCU,
 author = {Arbel, Maya and Attiya, Hagit},
 title = {Concurrent Updates with RCU: Search Tree As an Example},
 booktitle = {Proceedings of the 2014 ACM Symposium on Principles of Distributed Computing},
 series = {PODC '14},
 year = {2014},
 isbn = {978-1-4503-2944-6},
 location = {Paris, France},
 pages = {196--205},
 numpages = {10},
 address = {New York, NY, USA},
 keywords = {internal search tree, read-copy-update, shared memory},
} 

@inproceedings{Gramoli2015PPoPP,
 author = {Gramoli, Vincent},
 title = {More Than You Ever Wanted to Know About Synchronization: Synchrobench, Measuring the Impact of the Synchronization on Concurrent Algorithms},
 booktitle = {Proceedings of the 20th ACM SIGPLAN Symposium on Principles and Practice of Parallel Programming},
 series = {PPoPP 2015},
 year = {2015},
 isbn = {978-1-4503-3205-7},
 location = {San Francisco, CA, USA},
 pages = {1--10},
 numpages = {10},
 address = {New York, NY, USA},
 keywords = {Benchmark, data structure, lock-freedom, reusability},
} 

@inproceedings{David2015ACS,
 author = {David, Tudor and Guerraoui, Rachid and Trigonakis, Vasileios},
 title = {Asynchronized Concurrency: The Secret to Scaling Concurrent Search Data Structures},
 booktitle = {Proceedings of the Twentieth International Conference on Architectural Support for Programming Languages and Operating Systems},
 series = {ASPLOS '15},
 year = {2015},
 isbn = {978-1-4503-2835-7},
 location = {Istanbul, Turkey},
 pages = {631--644},
 numpages = {14},
 address = {New York, NY, USA},
 keywords = {concurrent data structures, multi-cores, portability, scalability},
} 


@inproceedings{mckenney2011parallel,
  title={Is parallel programming hard, and, if so, what can you do about it?},
  author={McKenney, Paul E},
  journal={Linux Technology Center, IBM Beaverton},
  year={2011}
}

@conference{MellorCrummey91
,author="John M. Mellor-Crummey and Michael L. Scott"
,title="Scalable Reader-Writer Synchronization for Shared-Memory
Multiprocessors"
,booktitle="Proceedings of the Third PPOPP"
,Year="1991"
,Month="April"
,pages="106-113"
,address="Williamsburg, VA"
}

@article{Courtois71
,author="P. J. Courtois and F. Heymans and D. L. Parnas"
,title="Concurrent Control with ``Readers'' and ``Writers''"
,Year="1971"
,Month="October"
,journal="Communications of the {ACM}"
,volume="14"
,number="10"
,pages="667--668"
}

@inproceedings{Gramoli2015Synchrobench,
 author = {Gramoli, Vincent},
 title = {More Than You Ever Wanted to Know About Synchronization: Synchrobench, Measuring the Impact of the Synchronization on Concurrent Algorithms},
 booktitle = {Proceedings of the 20th ACM SIGPLAN Symposium on Principles and Practice of Parallel Programming},
 series = {PPoPP 2015},
 year = {2015},
 isbn = {978-1-4503-3205-7},
 location = {San Francisco, CA, USA},
 pages = {1--10},
 numpages = {10},
 address = {New York, NY, USA},
 keywords = {Benchmark, data structure, lock-freedom, reusability},
} 


@inproceedings{David2015ASYNCHRONIZED,
 author = {David, Tudor and Guerraoui, Rachid and Trigonakis, Vasileios},
 title = {Asynchronized Concurrency: The Secret to Scaling Concurrent Search Data Structures},
 booktitle = {Proceedings of the Twentieth International Conference on Architectural Support for Programming Languages and Operating Systems},
 series = {ASPLOS '15},
 year = {2015},
 isbn = {978-1-4503-2835-7},
 location = {Istanbul, Turkey},
 pages = {631--644},
 numpages = {14},
 address = {New York, NY, USA},
 keywords = {concurrent data structures, multi-cores, portability, scalability},
} 

@book{McKenney2008ParallelProgramming
,Author = "Paul E. McKenney"
,Title = "Is Parallel Programming Hard, And, If So, What Can You Do About It?"
,Year = "2011"
,Publisher = "kernel.org"
,Address = "Corvallis, OR, USA"
,note="Available:
\url{http://kernel.org/pub/linux/kernel/people/paulmck/perfbook/perfbook.html}"
}

@book{MCSLocksKernel,
  Author = {J. Corbet.},
  title={MCS locks and qspinlocks},
  Year = {2014}
}


@inproceedings{Wang2016BeMyGuest,
 author = {Wang, Tianzheng and Chabbi, Milind and Kimura, Hideaki},
 title = {Be My Guest: MCS Lock Now Welcomes Guests},
 booktitle = {Proceedings of the 21st ACM SIGPLAN Symposium on Principles and Practice of Parallel Programming},
 series = {PPoPP '16},
 year = {2016},
 isbn = {978-1-4503-4092-2},
 location = {Barcelona, Spain},
 pages = {21:1--21:12},
 articleno = {21},
 numpages = {12},
 url = {http://doi.acm.org/10.1145/2851141.2851160},
 publisher = {ACM},
 address = {New York, NY, USA},
 keywords = {MCS, fairness, latency, locking API, queued locks, scalability, spin locks, throughput},
} 


@article{Bueso2015STP,
 author = {Bueso, Davidlohr},
 title = {Scalability Techniques for Practical Synchronization Primitives},
 journal = {Commun. ACM},
 issue_date = {January 2015},
 volume = {58},
 number = {1},
 month = dec,
 year = {2014},
 issn = {0001-0782},
 pages = {66--74},
 numpages = {9},
 url = {http://doi.acm.org/10.1145/2687882},
 doi = {10.1145/2687882},
 acmid = {2687882},
 publisher = {ACM},
 address = {New York, NY, USA},
} 


@inproceedings{Bueso2014MCS,
  title={An Overview of Kernel Lock Improvements},
  author={D. Bueso and S. Norto},
  note={http://events.linuxfoundation.org/sites/events/files/slides/linuxcon-2014-locking-final.pdf},
  year={2014}
}


@article{Clements15SCR,
 author = {Clements, Austin T. and Kaashoek, M. Frans and Zeldovich, Nickolai and Morris, Robert T. and Kohler, Eddie},
 title = {The Scalable Commutativity Rule: Designing Scalable Software for Multicore Processors},
 journal = {ACM Trans. Comput. Syst.},
 issue_date = {January 2015},
 volume = {32},
 number = {4},
 month = jan,
 year = {2015},
 issn = {0734-2071},
 pages = {10:1--10:47},
 articleno = {10},
 numpages = {47},
 url = {http://doi.acm.org/10.1145/2699681},
 doi = {10.1145/2699681},
 acmid = {2699681},
 publisher = {ACM},
 address = {New York, NY, USA},
 keywords = {Commutativity, conflict freedom, multicore, software interfaces},
} 

@inproceedings {Changwoo2016UMSF,
author = {Changwoo Min and Sanidhya Kashyap and Steffen Maass and Taesoo Kim},
title = {Understanding Manycore Scalability of File Systems},
booktitle = {2016 USENIX Annual Technical Conference (USENIX ATC 16)},
year = {2016},
month = Jun,
isbn = {978-1-931971-30-0},
address = {Denver, CO},
pages = {71--85},
url = {https://www.usenix.org/conference/atc16/technical-sessions/presentation/min},
publisher = {USENIX Association},
}

@inproceedings{Dodds2015SCT,
 author = {Dodds, Mike and Haas, Andreas and Kirsch, Christoph M.},
 title = {A Scalable, Correct Time-Stamped Stack},
 booktitle = {Proceedings of the 42Nd Annual ACM SIGPLAN-SIGACT Symposium on Principles of Programming Languages},
 series = {POPL '15},
 year = {2015},
 isbn = {978-1-4503-3300-9},
 location = {Mumbai, India},
 pages = {233--246},
 numpages = {14},
 url = {http://doi.acm.org/10.1145/2676726.2676963},
 doi = {10.1145/2676726.2676963},
 acmid = {2676963},
 publisher = {ACM},
 address = {New York, NY, USA},
 keywords = {concurrent stack, linearizability, timestamps, verification},
} 


@inproceedings{BoydWickizer2008Corey,
 author = {Boyd-Wickizer, Silas and Chen, Haibo and Chen, Rong and Mao, Yandong and Kaashoek, Frans and Morris, Robert and Pesterev, Aleksey and Stein, Lex and Wu, Ming and Dai, Yuehua and Zhang, Yang and Zhang, Zheng},
 title = {Corey: An Operating System for Many Cores},
 booktitle = {Proceedings of the 8th USENIX Conference on Operating Systems Design and Implementation},
 series = {OSDI'08},
 year = {2008},
 location = {San Diego, California},
 pages = {43--57},
 numpages = {15},
 url = {http://dl.acm.org/citation.cfm?id=1855741.1855745},
 acmid = {1855745},
 publisher = {USENIX Association},
 address = {Berkeley, CA, USA},
} 

@inproceedings{BoydWickizer2012OLS,
 author={Silas Boyd-Wickizer and M. Frans Kaashoek and Robert Morris and Nickolai Zeldovich},
 title = {Non-scalable locks are dangerous.},
 booktitle = {In Proceedings of the Linux Symposium},
 year = {2012},
} 

@article{Shalev2006PLS,
 author = {Shalev, Ori and Shavit, Nir},
 title = {Predictive Log-synchronization},
 journal = {SIGOPS Oper. Syst. Rev.},
 issue_date = {October 2006},
 volume = {40},
 number = {4},
 month = apr,
 year = {2006},
 issn = {0163-5980},
 pages = {305--315},
 numpages = {11},
 url = {http://doi.acm.org/10.1145/1218063.1217965},
 doi = {10.1145/1218063.1217965},
 acmid = {1217965},
 publisher = {ACM},
 address = {New York, NY, USA},
 keywords = {concurrent, monitor, prediction, synchronization},
} 


@inproceedings{Hendler2010FC,
 author = {Hendler, Danny and Incze, Itai and Shavit, Nir and Tzafrir, Moran},
 title = {Flat Combining and the Synchronization-parallelism Tradeoff},
 booktitle = {Proceedings of the Twenty-second Annual ACM Symposium on Parallelism in Algorithms and Architectures},
 series = {SPAA '10},
 year = {2010},
 isbn = {978-1-4503-0079-7},
 location = {Thira, Santorini, Greece},
 pages = {355--364},
 numpages = {10},
 url = {http://doi.acm.org/10.1145/1810479.1810540},
 doi = {10.1145/1810479.1810540},
 acmid = {1810540},
 publisher = {ACM},
 address = {New York, NY, USA},
 keywords = {concurrent data-structures, multiprocessors, synchronization},
} 


@inproceedings{Rohland2001Tempfs,
 title={Tmpfs is a file system which keeps all files in virtual memory},
 author = {C. Rohland},
 note= {git.kernel.org/cgit/linux/kernel/git/torvalds/linux.git/tree/Documentation/filesystems/tmpfs.txt},
 year= {2001},
}
